<?xml version="1.0" encoding="UTF-8" ?>
<record Numero="13941791" format="InterXMarc_Complet" type="Authority">
<leader>01575c0 au22000272  45  <Pos Code="0004">01575</Pos>
<Pos Code="05" Sens="notice modifiée">c</Pos>
<Pos Code="06" Sens="notice validée par les services d&apos;autorité">0</Pos>
<Pos Code="08" Sens="notice d&apos;autorité">a</Pos>
<Pos Code="09" Sens="titre uniforme musical (TUM)">u</Pos>
<Pos Code="10">2</Pos>
<Pos Code="11">2</Pos>
<Pos Code="1216">00027</Pos>
<Pos Code="17" Sens="autres cas">2</Pos>
<Pos Code="20">4</Pos>
<Pos Code="21">5</Pos>
</leader>
<controlfield tag="001">FRBNF139417913<Pos Code="0001">FR</Pos>
<Pos Code="0204">BNF</Pos>
<Pos Code="0512">13941791</Pos>
<Pos Code="13">3</Pos>
</controlfield>
<controlfield tag="008">910905091013yyrus op        1915      1917                   1   <Pos Code="0001">91</Pos>
<Pos Code="0203">09</Pos>
<Pos Code="0405">05</Pos>
<Pos Code="0607">09</Pos>
<Pos Code="0809">10</Pos>
<Pos Code="1011">13</Pos>
<Pos Code="1213" Sens="ne s&apos;applique pas">yy</Pos>
<Pos Code="1416" Sens="russe">rus</Pos>
<Pos Code="1820" Sens="opéra [drame lyrique => opéra, melodramma => opéra]">op </Pos>
<Pos Code="2831">1915</Pos>
<Pos Code="3841">1917</Pos>
<Pos Code="61" Sens="La vedette peut être liée à une notice bibliographique sauf pour l&apos;accès matière RAMEAU">1</Pos>
</controlfield>
<datafield tag="048" ind1=" " ind2=" ">
	<subfield code="b">va03<Pos Code="0001" Sens="voix - soprano">va</Pos>
<Pos Code="02">0</Pos>
<Pos Code="03">3</Pos>
</subfield>
	<subfield code="b">vb03<Pos Code="0001" Sens="voix - mezzo-soprano">vb</Pos>
<Pos Code="02">0</Pos>
<Pos Code="03">3</Pos>
</subfield>
	<subfield code="b">vc02<Pos Code="0001" Sens="voix - alto">vc</Pos>
<Pos Code="02">0</Pos>
<Pos Code="03">2</Pos>
</subfield>
	<subfield code="b">vg01<Pos Code="0001" Sens="voix - haute-contre">vg</Pos>
<Pos Code="02">0</Pos>
<Pos Code="03">1</Pos>
</subfield>
	<subfield code="b">vd07<Pos Code="0001" Sens="voix - ténor">vd</Pos>
<Pos Code="02">0</Pos>
<Pos Code="03">7</Pos>
</subfield>
	<subfield code="b">ve02<Pos Code="0001" Sens="voix - baryton">ve</Pos>
<Pos Code="02">0</Pos>
<Pos Code="03">2</Pos>
</subfield>
	<subfield code="b">vf05<Pos Code="0001" Sens="voix - basse">vf</Pos>
<Pos Code="02">0</Pos>
<Pos Code="03">5</Pos>
</subfield>
	<subfield code="a">cn01<Pos Code="0001" Sens="choeurs - non spécifié">cn</Pos>
<Pos Code="02">0</Pos>
<Pos Code="03">1</Pos>
</subfield>
	<subfield code="a">oa01<Pos Code="0001" Sens="orchestre - orchestre symphonique XIXe-XXe s.">oa</Pos>
<Pos Code="02">0</Pos>
<Pos Code="03">1</Pos>
</subfield>
</datafield>
<datafield tag="100" ind1=" " ind2=" ">
	<subfield code="3">13898702</subfield>
	<subfield code="w">.0..barus.</subfield>
	<subfield code="a">Prokofʹev</subfield>
	<subfield code="m">Sergej Sergeevič</subfield>
	<subfield code="d">1891-1953</subfield>
</datafield>
<datafield tag="144" ind1="1" ind2=" ">
	<subfield code="w">....barus.</subfield>
	<subfield code="a">Igrok</subfield>
	<subfield code="p">Op. 24</subfield>
</datafield>
<datafield tag="301" ind1="2" ind2=" ">
	<subfield code="3">14801187</subfield>
	<subfield code="a">Prokofʹev</subfield>
	<subfield code="m">Sergej Sergeevič</subfield>
	<subfield code="d">1891-1953</subfield>
	<subfield code="t">[Quatre portraits et épilogue d&apos;après &quot;Le joueur&quot;. Op. 49]</subfield>
</datafield>
<datafield tag="444" ind1="1" ind2=" ">
	<subfield code="w">....b.fre.</subfield>
	<subfield code="a" Barre="3">Le joueur</subfield>
	<subfield code="p">Op. 24</subfield>
</datafield>
<datafield tag="444" ind1="1" ind2=" ">
	<subfield code="w">....b.eng.</subfield>
	<subfield code="a" Barre="4">The gambler</subfield>
	<subfield code="p">Op. 24</subfield>
</datafield>
<datafield tag="502" ind1=" " ind2=" ">
	<subfield code="3">15530192</subfield>
	<subfield code="a">Prokofʹev</subfield>
	<subfield code="m">Sergej Sergeevič</subfield>
	<subfield code="d">1891-1953</subfield>
	<subfield code="t">[Opéras]</subfield>
</datafield>
<datafield tag="600" ind1=" " ind2=" ">
	<subfield code="a">Opéra en 4 actes</subfield>
	<subfield code="a">Livret du compositeur, d&apos;après le roman de Fedor Dostoïevsky</subfield>
	<subfield code="a">Dates de composition : 1915-1917</subfield>
	<subfield code="a">Date de révision : 1928</subfield>
	<subfield code="a">1re représentation : Bruxelles, Théâtre royal de la Monnaie, 29 avril 19129, en français, sous la direction de Maurice Corneil de Thoran</subfield>
</datafield>
<datafield tag="600" ind1=" " ind2=" ">
	<subfield code="a">Il existe une suite d&apos;orchestre tirée de l&apos;opéra, sous le titre &quot;Quatre portraits et épilogue d&apos;après Le joueur&quot; (op. 49)</subfield>
</datafield>
<datafield tag="608" ind1=" " ind2=" ">
	<subfield code="b">la dame pâle, la dame rubiconde, Pauline (sopranos)</subfield>
	<subfield code="b">la dame respectable, la femme indifférente, la grand-mère (mezzo-sopranos)</subfield>
	<subfield code="b">Blanche, la vieille femme suspecte (altos)</subfield>
	<subfield code="b">le prince Nilsky (contre-ténor)</subfield>
	<subfield code="b">Alexis, croupier 1, croupier 2, le joueur excité, le joueur bossu, le joueur maladif, le marquis de Grieux (ténors)</subfield>
	<subfield code="b">monsieur Astley, Potapych (barytons)</subfield>
	<subfield code="b">le baron, le directeur du casino, le Général, le gros Anglais, le grand Anglais (basses)</subfield>
</datafield>
<datafield tag="610" ind1=" " ind2=" ">
	<subfield code="a">Serge Prokofiev / Michel Dorigné, 1994</subfield>
</datafield>
<datafield tag="610" ind1=" " ind2=" ">
	<subfield code="a">Grove opera</subfield>
</datafield>
<datafield tag="917" ind1=" " ind2=" ">
	<subfield code="o">OPC</subfield>
	<subfield code="a">100726280</subfield>
</datafield>
<datafield tag="917" ind1=" " ind2=" ">
	<subfield code="o">OPD</subfield>
	<subfield code="a">100242520</subfield>
	<subfield code="b">ATUM</subfield>
</datafield>
<datafield tag="996" ind1=" " ind2=" ">
	<subfield code="o">OPP</subfield>
	<subfield code="a">14800833</subfield>
	<subfield code="d">20091013</subfield>
</datafield>
<Alter Ori="13898702">
<datafield tag="100" ind1=" " ind2=" ">
	<subfield code="w">.0..c.rus.</subfield>
	<subfield code="a">Прокофьев</subfield>
	<subfield code="m">Сергей Сергеевич</subfield>
	<subfield code="d">1891-1953</subfield>
</datafield>
<datafield tag="400" ind1=" " ind2=" ">
	<subfield code="w">....barus.</subfield>
	<subfield code="a">Prokofʹev</subfield>
	<subfield code="m">Sergej</subfield>
	<subfield code="d">1891-1953</subfield>
</datafield>
<datafield tag="400" ind1=" " ind2=" ">
	<subfield code="w">....bu....</subfield>
	<subfield code="a">Prokofiev</subfield>
	<subfield code="m">Serge</subfield>
	<subfield code="d">1891-1953</subfield>
</datafield>
<datafield tag="400" ind1=" " ind2=" ">
	<subfield code="w">....bu....</subfield>
	<subfield code="a">Prokofiev</subfield>
	<subfield code="m">Sergey Sergeyevich</subfield>
	<subfield code="d">1891-1953</subfield>
</datafield>
<datafield tag="400" ind1=" " ind2=" ">
	<subfield code="w">....bu....</subfield>
	<subfield code="a">Prokofiev</subfield>
	<subfield code="m">Sergei</subfield>
	<subfield code="d">1891-1953</subfield>
</datafield>
<datafield tag="400" ind1=" " ind2=" ">
	<subfield code="w">....bu....</subfield>
	<subfield code="a">Prokofieff</subfield>
	<subfield code="m">Serge</subfield>
	<subfield code="d">1891-1953</subfield>
</datafield>
<datafield tag="031" ind1=" " ind2=" ">
	<subfield code="a">0000000121389711</subfield>
	<subfield code="2" Sens="ISNI chargé à partir de VIAF">VIAF</subfield>
	<subfield code="d">20130731<Pos Code="0003">2013</Pos>
<Pos Code="0407" Sens="31 juillet">0731</Pos>
</subfield>
</datafield>
</Alter>
<Attr Nom="IDPerenne">ark:/12148/cb139417918</Attr>
<Attr Nom="NumSource">OPC 100726280</Attr>
<Attr Nom="Source" Sens="BnF catalogue général (depuis 1999)">A</Attr>
<Attr Nom="NumAutoriteLiee">1389870214801187</Attr>
<Attr Nom="DateCreation">05/09/ 1991</Attr>
<Attr Nom="ResponsableCreation">MIGV2</Attr>
<Attr Nom="StructCreation">1</Attr>
<Attr Nom="DateDerniereValidation">08/11/ 2010</Attr>
<Attr Nom="ResponsableDerniereValidation">MIGV4</Attr>
<Attr Nom="StructPremiereValidation">1</Attr>
<Attr Nom="DatePremiereValidation">05/09/ 1991</Attr>
<Attr Nom="ResponsablePremiereValidation">MIGV2</Attr>
<Attr Nom="StructDerniereValidation">1</Attr>
<Attr Nom="NumSource" Rep="1">OPD 100242520</Attr>
<Attr Nom="NumSource" Rep="2">OPP 14800833</Attr>
</record>
